<?xml version="1.0" encoding="UTF-8"?><collection xmlns="http://www.loc.gov/MARC21/slim"><record><leader>00517nam--2200193-u-4500</leader><controlfield tag="001">000054084</controlfield><controlfield tag="002">20161230</controlfield><controlfield tag="005">20161230201051</controlfield><controlfield tag="008">110802s1000------------r-----000-0-rus-d</controlfield><datafield ind1=" " ind2=" " tag="040"><subfield code="a">IFIN-HH</subfield></datafield><datafield ind1=" " ind2=" " tag="041"><subfield code="a">rus</subfield></datafield><datafield ind1=" " ind2=" " tag="080"><subfield code="a">539.1.075</subfield></datafield><datafield ind1="1" ind2=" " tag="100"><subfield code="a">Elkin, N.A</subfield></datafield><datafield ind1="1" ind2="0" tag="245"><subfield code="a">Detektirovanie na poluprovodnikovih priborah</subfield><subfield code="c">N.a. elkin, l.n. toshakov</subfield></datafield><datafield ind1=" " ind2=" " tag="260"><subfield code="a">Moskva</subfield><subfield code="b">Ministerstvo Sviazi Soiuza Ssr</subfield><subfield code="c">1962</subfield></datafield><datafield ind1=" " ind2=" " tag="300"><subfield code="a">56P</subfield></datafield><datafield ind1="1" ind2=" " tag="700"><subfield code="a">Toshakov, L.N</subfield></datafield><datafield ind1=" " ind2=" " tag="852"><subfield code="a">76926</subfield><subfield code="c">537.311.33</subfield></datafield><datafield ind1=" " ind2=" " tag="CAT"><subfield code="a">Sys</subfield><subfield code="c">20110802</subfield><subfield code="h">091911</subfield></datafield></record></collection>